
@String{WPI = {
    Worchester Polytechnic Institute,
    100 Institute Road,
    Worcester, MA 01609-2280
}}

@Article{rules,
      TITLE        = {NASA Centennial Challenge Sample Return Robot Challenge Rules V1.1},
      year         = {2011},
      howpublished = "\url{http://wp.wpi.edu/challenge/challenge-documents-information/challenge-rules/}",
      address      = WPI,
}

@Article{KKonoLSVO,
        TITLE      = {Large Scale Visual Odometry for Rough Terrain},
        author     = {Konolige, Kurt and Agrawal, Motilal and Sola, Joan},
        year       = {2011},
        journal    = {Robotics Research},
        publisher  = {Springer},
}

